// IEEE standard style

// add website source
@misc{Babylonian,
  author       = { J O'Connor and E F Robertson},
  title        = {Babylonian numerals},
  howpublished = {\url{https://mathshistory.st-andrews.ac.uk/HistTopics/Babylonian_numerals/}},
  year         = {2000},
  note         = {[Online; accessed 13-January-2023]}
}